@Book{carryer2011IntroMechatronics,
author = {J. Edward Carryer and R. Matthew Ohline and Thomas W. Kenny},
title = {Introduction to Mechatronic Design},
publisher = {Pearson Education},
year = {2011},
OPTkey = {key},
OPTvolume = {volume},
OPTnumber = {number},
OPTseries = {series},
OPTaddress = {address},
OPTedition = {edition},
OPTmonth = {month},
OPTnote = {note},
OPTannote = {annote},
}

@Misc{URL:ru.is,
  title = {Reykjavik University Website},
  url = {www.ru.is},
  key = {Reykjavik University},

}

@MISC{Warbrick94essentiallatex,
    author = {Jon Warbrick},
    title = {Essential LATEX ++},
    year = {1994}
}

@MISC{kreher2005pseudocode,
    author = {D.L. Kreher and D.R. Stinson},
    title = {Pseudocode: A  {LaTeX} Style File for Displaying Algorithms},
    year = {2005},
    url = {http://mirror.hmc.edu/ctan/macros/latex/contrib/pseudocode/pseudocode.pdf},
}

@ONLINE{ramirez2010sharkweek,
    author = {Richard Ramirez},
    title = {Shark Week},
    year = {2010},
    publisher = {Atomic Gator Wordpress},
    url = {http://atomicgator.wordpress.com/2010/08/01/shark-week/},
}

@ONLINE{hall_virtuousmachines,
    author = {J. Storrs Hall},
    title = {The Age of Virtuous Machines},
    publisher = {Lifeboat Foundation: Safegarding Humanity Website},
    url = {http://lifeboat.com/ex/the.age.of.virtuous.machines},
}

@ONLINE{krystek2003moonhoax,
    title = {The Great Moon Landing Hoax},
    author = {Lee Krystek},
    year = 2003,
    publisher = {The Museum of Unnatural History Website},
    url = {http://www.unmuseum.org/moonhoax.htm},
}
