@Misc{URL:ru.is,
  title = {Reykjavik University Website},
  url = {www.ru.is},
  key = {Reykjavik University},
}


@MISC{sveinnFunnel,
    author = {Sveinn Elmar Magnússon},
    title = {The M\&M Sorting Machine - Funnel Version - Rough draft},
    year = 2014,
}
@MISC{MMDeltaRobot,
    author = {Sveinn Elmar Magnússon},
    title = {The M\&M Sorting Machine - Delta Robot Version - Rough draft},
    year = 2014,
}

@MISC{OpenCV,
    author = {OpenCV-Community},
    title = {Open-CV Web Page},
    url = {http://opencv.org/},
}

@ONLINE{RUAUVcockpit,
    author = {Sveinn Elmar Magnússon},
    title = {RUAUV Source Code, Node: ruauv\_cockpit},
    publisher = {Reykjavik Univeristy},
    year = 2014,
    url = {https://projects.cs.ru.is/projects/ruauv/repository/show/trunk/software/ros-hydro/src/ruauv_cockpit},
}

@ONLINE{ZhangFingerBehrens2010IntroductionToMechanisims,
    title = {Introduction to Mechanisms},
    author = {Yi Zhang with Susan Finger and Stephannie Behrens},
    year = 2010,
    publisher = {Carengie Mellon Univeristy},
    url = {https://www.cs.cmu.edu/~rapidproto/mechanisms/chpt4.html},
}

@ONLINE{ja.is,
    title = {Já.is},
    publisher = {Já.is},
    year = 2014,
    url = {http://ja.is/kort/?type=map&x=544376&y=600153&z=3&q=Hraunsvatn},
}


@ONLINE{BuildYourOwnUnderseaRobot,
    title = {Build Your Own Undersea Robot},
    author = {David Schneider},
    publisher = {IEEE},
    year = 2011,
    url = {http://spectrum.ieee.org/geek-life/hands-on/build-your-own-undersea-robot},
}
@ONLINE{SvSeeker,
    title = {SV Seeker Youtube Channel. Thrusters Part 4},
    author = {SV Seeker},
    publisher = {youtube.com},
    year = 2014,
    url = {http://youtu.be/tCl2qABSWgw},
}

@ONLINE{MMsWebpage,
    title = {M\&M Web Page},
    publisher = {M\&M},
    year = 2014,
    url = {http://mms.com},
}

@ONLINE{youtubeMMSorter,
    title = {Sorting Machine - Skittles and M\&M's},
    author = {ivcvideo},
    publisher = {youtube.com},
    year = 2014,
    url = {http://youtu.be/H7HTQai7Wwg},
}
@ONLINE{ArduinoUno,
    title = {Arduion Uno Information},
    author = {Arduino},
    publisher = {arduino.com},
    year = 2014,
    url = {http://arduino.cc/en/Main/ArduinoBoardUno},
}

@ONLINE{DIYDeltaRobot,
    title = {Pythagoras: Drawing Delta Robot},
    author = {Aaron Fan},
    publisher = {aaronbot3000.com},
    year = 2014,
    url = {http://blog.aaronbot3000.com/p/pythagoras-drawing-delta-robot.html},
}

@ONLINE{Encoders,
    title = {Basics of rotary encoders: Overview and new technologies},
    author = {Elisabeth Eitel},
    publisher = {Machine Design},
    year = 2014,
    url = {http://machinedesign.com/sensors/basics-rotary-encoders-overview-and-new-technologies-0},
}
